@Manual{horst2020,
title = {palmerpenguins: {Palmer Archipelago (Antarctica)} penguin data},
author = {Allison Marie Horst and Alison Presmanes Hill and Kristen B Gorman},
year = {2020},
note = {R package version 0.1.0},
doi = {10.5281/zenodo.3960218},
url = {https://allisonhorst.github.io/palmerpenguins/},
}

@Article{gorman2014,
author       = {Gorman, Kristen B. and Williams, Tony D. and Fraser,
                  William R.},
title	       = {{Ecological Sexual Dimorphism and Environmental
                  Variability within a Community of Antarctic Penguins
                  (Genus Pygoscelis)}},
journal      = {PLoS ONE},
year	       = 2014,
volume       = 9,
number       = 3,
month	       = {Mar},
pages	       = {e90081},
issn	       = {1932-6203},
doi	       = {10.1371/journal.pone.0090081},
url	       = {http://dx.doi.org/10.1371/journal.pone.0090081},
publisher    = {Public Library of Science (PLoS)}
}
