@article{RN-2003-001,
author = {Tierney, Luke},
issn = {1609-3631},
issue = {1},
journal = {R News},
note = {https://journal.r-project.org/articles/RN-2003-001/},
pages = {2-6},
title = {Name space management for {R}},
volume = {3},
year = {2003},
}

@article{abate:2015:MCR,
author = {Abate, Pietro and Di Cosmo, Roberto and Gesbert,
                  Louis and Le Fessant, Fabrice and Treinen, Ralf and
                  Zacchiroli, Stefano},
doi = {10.1109/msr.2015.10},
journal = {2015 IEEE/ACM 12th Working Conference on Mining
                  Software Repositories},
month = {May},
publisher = {IEEE},
title = {Mining Component Repositories for Installability
                  Issues},
url = {http://dx.doi.org/10.1109/MSR.2015.10},
year = {2015},
}

@article{baker:2020:UGM,
author = {Baker, Peter},
doi = {10.18637/jss.v094.c01},
issn = {1548-7660},
journal = {Journal of Statistical Software},
number = {Code Snippet 1},
publisher = {Foundation for Open Access Statistic},
title = {Using {GNU Make} to Manage the Workflow of Data
                  Analysis Projects},
url = {http://dx.doi.org/10.18637/jss.v094.c01},
volume = {94},
year = {2020},
}

@article{beck:2019:EGD,
author = {Beck, Nathaniel},
doi = {10.1017/pan.2019.20},
issn = {1476-4989},
journal = {Political Analysis},
month = {Sep},
number = {1},
pages = {139–145},
publisher = {Cambridge University Press (CUP)},
title = {Estimating Grouped Data Models with a
                  Binary-Dependent Variable and Fixed Effects
                  via a Logit versus a Linear Probability Model:
                  The Impact of Dropped Units},
url = {http://dx.doi.org/10.1017/pan.2019.20},
volume = {28},
year = {2019},
}

@article{benoit:2018,
author = {Benoit, Kenneth and Watanabe, Kohei and Wang, Haiyan
and Nulty, Paul and Obeng, Adam and Müller, Stefan
and Matsuo, Akitaka},
doi = {10.21105/joss.00774},
issn = {2475-9066},
journal = {Journal of Open Source Software},
month = {Oct},
number = {30},
pages = {774},
publisher = {The Open Journal},
title = {quanteda: An {R} package for the quantitative analysis
of textual data},
url = {http://dx.doi.org/10.21105/joss.00774},
volume = {3},
year = {2018},
}

@article{boettiger:2017:IR,
author = {Boettiger, Carl and Eddelbuettel, Dirk},
doi = {10.32614/rj-2017-065},
issn = {2073-4859},
journal = {The R Journal},
number = {2},
pages = {527},
publisher = {The R Foundation},
title = {{An Introduction to Rocker: Docker Containers for R}},
url = {http://dx.doi.org/10.32614/RJ-2017-065},
volume = {9},
year = {2017},
}

@article{canon:2019:CPR,
author = {Canon, Richard S. and Younge, Andrew},
doi = {10.1109/canopie-hpc49598.2019.00012},
journal = {2019 IEEE/ACM International Workshop on Containers
                  and New Orchestration Paradigms for Isolated
                  Environments in HPC (CANOPIE-HPC)},
month = {Nov},
publisher = {IEEE},
title = {A Case for Portability and Reproducibility of HPC
                  Containers},
url = {http://dx.doi.org/10.1109/CANOPIE-HPC49598.2019.00012},
year = {2019},
}

@article{chan:2020:REC,
author = {Chan, Chung-hong and Zeng, Jing and Wessler, Hartmut
and Jungblut, Marc and Welbers, Kasper and
Bajjalieh, Joseph W and van Atteveldt, Wouter and
Althaus, Scott L.},
doi = {10.1080/19312458.2020.1812555},
issn = {1931-2466},
journal = {Communication Methods and Measures},
month = {Sep},
pages = {1–21},
publisher = {Informa UK Limited},
title = {Reproducible Extraction of Cross-lingual Topics
(rectr)},
url = {http://dx.doi.org/10.1080/19312458.2020.1812555},
year = {2020},
}

@manual{checkpointrpkg,
author = {Hong Ooi and Andrie {de Vries} and {Microsoft}},
note = {R package version 1.0.2},
title = {{checkpoint: Install Packages from Snapshots on the Checkpoint Server for
Reproducibility}},
url = {https://CRAN.R-project.org/package=checkpoint},
year = {2022},
}

@misc{community:2019:TW,
author = {{The Turing Way Community} and Arnold, Becky and
                  Bowler, Louise and Gibson, Sarah and Herterich,
                  Patricia and Higman, Rosie and Krystalli, Anna and
                  Morley, Alexander and O'Reilly, Martin and Whitaker,
                  Kirstie},
copyright = {Creative Commons Attribution 4.0 International},
doi = {10.5281/ZENODO.3233986},
publisher = {Zenodo},
title = {The Turing Way: A Handbook for Reproducible Data
                  Science},
url = {https://zenodo.org/record/3233986},
year = {2019},
}

@article{cruewell:2023:WB,
author = {Crüwell, Sophia and Apthorp, Deborah and Baker,
                  Bradley J. and Colling, Lincoln and Elson, Malte and
                  Geiger, Sandra J. and Lobentanzer, Sebastian and
                  Monéger, Jean and Patterson, Alex and Schwarzkopf,
                  D. Samuel and Zaneva, Mirela and Brown, Nicholas
                  J. L.},
doi = {10.1177/09567976221140828},
issn = {1467-9280},
journal = {Psychological Science},
month = {Feb},
pages = {095679762211408},
publisher = {SAGE Publications},
title = {What’s in a Badge? A Computational Reproducibility
                  Investigation of the Open Data Badge Policy in One
                  Issue of Psychological Science},
url = {http://dx.doi.org/10.1177/09567976221140828},
year = {2023},
}

@article{dolstra:2010:N,
author = {Dolstra, Eelco and L{ö}h, Andres and Pierron, Nicolas},
doi = {10.1017/s0956796810000195},
issn = {1469-7653},
journal = {Journal of Functional Programming},
month = {Oct},
number = {5–6},
pages = {577–615},
publisher = {Cambridge University Press (CUP)},
title = {{NixOS}: A purely functional Linux distribution},
url = {http://dx.doi.org/10.1017/S0956796810000195},
volume = {20},
year = {2010},
}

@manual{groundhogrpkg,
author = {Uri Simonsohn and Hugo Gruson},
note = {R package version 2.2.0},
title = {{groundhog: Version-Control for CRAN, GitHub, and GitLab Packages}},
url = {https://CRAN.R-project.org/package=groundhog},
year = {2023},
}

@article{hilgard:2019:NEG,
author = {Hilgard, Joseph and Engelhardt, Christopher R. and
                  Rouder, Jeffrey N. and Segert, Ines L. and
                  Bartholow, Bruce D.},
doi = {10.1177/0956797619829688},
issn = {1467-9280},
journal = {Psychological Science},
month = {Mar},
number = {4},
pages = {606–616},
publisher = {SAGE Publications},
title = {Null Effects of Game Violence, Game Difficulty, and
                  2D:4D Digit Ratio on Aggressive Behavior},
url = {http://dx.doi.org/10.1177/0956797619829688},
volume = {30},
year = {2019},
}

@article{jurka:2012,
author = {Jurka, Timothy, P.},
doi = {10.32614/rj-2012-007},
issn = {2073-4859},
journal = {The R Journal},
number = {1},
pages = {56},
publisher = {The R Foundation},
title = {maxent: An R Package for Low-memory Multinomial
                  Logistic Regression with Support for Semi-automated
                  Text Classification},
url = {http://dx.doi.org/10.32614/RJ-2012-007},
volume = {4},
year = {2012},
}

@article{kim:2018:E,
author = {Kim, Yang-Min and Poline, Jean-Baptiste and Dumas,
                  Guillaume},
doi = {10.1093/gigascience/giy077},
issn = {2047-217X},
journal = {GigaScience},
month = {Jun},
number = {7},
publisher = {Oxford University Press (OUP)},
title = {Experimenting with reproducibility: a case study of
                  robustness in bioinformatics},
url = {http://dx.doi.org/10.1093/gigascience/giy077},
volume = {7},
year = {2018},
}

@article{loercher:2017:D,
author = {Lörcher, Ines and Taddicken, Monika},
doi = {10.22323/2.16020203},
issn = {1824-2049},
journal = {Journal of Science Communication},
month = {May},
number = {02},
pages = {A03},
publisher = {Sissa Medialab Srl},
title = {Discussing climate change online. Topics and
                  perceptions in online climate change communication
                  in different online public arenas},
url = {http://dx.doi.org/10.22323/2.16020203},
volume = {16},
year = {2017},
}

@article{merow:2023:B,
author = {Merow, Cory and Boyle, Brad and Enquist, Brian
                  J. and Feng, Xiao and Kass, Jamie M. and Maitner,
                  Brian S. and McGill, Brian and Owens, Hannah and
                  Park, Daniel S. and Paz, Andrea and
                  Pinilla-Buitrago, Gonzalo E. and Urban, Mark C. and
                  Varela, Sara and Wilson, Adam M.},
doi = {10.1038/s41559-023-02008-w},
issn = {2397-334X},
journal = {Nature Ecology \& Evolution},
month = {Feb},
publisher = {Springer Science and Business Media LLC},
title = {Better incentives are needed to reward academic
                  software development},
url = {http://dx.doi.org/10.1038/s41559-023-02008-w},
year = {2023},
}

@article{nuest:2019,
author = {Nüst, Daniel and Hinz, Matthias},
doi = {10.21105/joss.01603},
issn = {2475-9066},
journal = {Journal of Open Source Software},
month = {Aug},
number = {40},
pages = {1603},
publisher = {The Open Journal},
title = {containerit: Generating Dockerfiles for reproducible
                  research with {R}},
url = {http://dx.doi.org/10.21105/joss.01603},
volume = {4},
year = {2019},
}

@article{oser:2022:HPE,
author = {Oser, Jennifer and Grinson, Amit and Boulianne,
                  Shelley and Halperin, Eran},
doi = {10.1080/10584609.2022.2086329},
issn = {1091-7675},
journal = {Political Communication},
month = {Jul},
number = {5},
pages = {607–633},
publisher = {Informa UK Limited},
title = {How Political Efficacy Relates to Online and Offline
                  Political Participation: A Multilevel Meta-analysis},
url = {http://dx.doi.org/10.1080/10584609.2022.2086329},
volume = {39},
year = {2022},
}

@article{peikert:2021:RDA,
author = {Peikert, Aaron and Brandmaier, Andreas M.},
doi = {10.5964/qcmb.3763},
issn = {2699-8432},
journal = {Quantitative and Computational Methods in Behavioral
                  Sciences},
month = {May},
publisher = {Leibniz Institute for Psychology (ZPID)},
title = {A Reproducible Data Analysis Workflow},
url = {http://dx.doi.org/10.5964/qcmb.3763},
volume = {1},
year = {2021},
}

@article{peng:2003:MDP,
author = {Peng, Roger D.},
doi = {10.18637/jss.v008.i16},
issn = {1548-7660},
journal = {Journal of Statistical Software},
number = {16},
publisher = {Foundation for Open Access Statistic},
title = {Multi-Dimensional Point Process Models in R},
url = {http://dx.doi.org/10.18637/jss.v008.i16},
volume = {8},
year = {2003},
}

@article{phanstiel:2014:S,
author = {Phanstiel, D. H. and Boyle, A. P. and Araya,
                  C. L. and Snyder, M. P.},
doi = {10.1093/bioinformatics/btu379},
issn = {1460-2059},
journal = {Bioinformatics},
month = {Jun},
number = {19},
pages = {2808–2810},
publisher = {Oxford University Press (OUP)},
title = {{Sushi.R}: flexible, quantitative and integrative
                  genomic visualizations for publication-quality
                  multi-panel figures},
url = {http://dx.doi.org/10.1093/bioinformatics/btu379},
volume = {30},
year = {2014},
}

@manual{rcore,
address = {Vienna, Austria},
author = {{R Core Team}},
organization = {R Foundation for Statistical Computing},
title = {R: A Language and Environment for Statistical Computing},
url = {https://www.R-project.org/},
year = {2021},
}

@manual{renvrpkg,
author = {Kevin Ushey},
note = {R package version 0.16.0},
title = {{renv: Project Environments}},
url = {https://CRAN.R-project.org/package=renv},
year = {2022},
}

@article{trisovic:2022,
author = {Trisovic, Ana and Lau, Matthew K. and Pasquier,
                  Thomas and Crosas, Mercè},
doi = {10.1038/s41597-022-01143-6},
issn = {2052-4463},
journal = {Scientific Data},
month = {Feb},
number = {1},
publisher = {Springer Science and Business Media LLC},
title = {A large-scale study on research code quality and
                  execution},
url = {http://dx.doi.org/10.1038/s41597-022-01143-6},
volume = {9},
year = {2022},
}

@article{valstar:2020:UDS,
author = {Valstar, Sander and Griswold, William G. and Porter,
                  Leo},
doi = {10.1145/3341525.3387424},
journal = {Proceedings of the 2020 ACM Conference on Innovation
                  and Technology in Computer Science Education},
month = {Jun},
publisher = {ACM},
title = {Using DevContainers to Standardize Student
                  Development Environments: An Experience Report},
url = {http://dx.doi.org/10.1145/3341525.3387424},
year = {2020},
}
